<record><leader>00000cas a22000007a 4500</leader><controlfield tag="001">17664940</controlfield><controlfield tag="008">880323d190519uutxuwr ne      0    0eng d</controlfield><datafield ind1=" " ind2=" " tag="010"><subfield code="a">sn 88083156 </subfield></datafield><datafield ind1=" " ind2=" " tag="040"><subfield code="a">PPM</subfield><subfield code="b">eng</subfield><subfield code="c">PPM</subfield><subfield code="d">OCLCQ</subfield></datafield><datafield ind1=" " ind2=" " tag="042"><subfield code="a">msc</subfield></datafield><datafield ind1="0" ind2="4" tag="245"><subfield code="a">The Plain Texan.</subfield></datafield><datafield ind1=" " ind2=" " tag="260"><subfield code="a">Weatherford, Tex. :</subfield><subfield code="b">Victor E. Martin</subfield></datafield><datafield ind1=" " ind2=" " tag="310"><subfield code="a">Weekly</subfield></datafield><datafield ind1=" " ind2=" " tag="321"><subfield code="a">Monthly,</subfield><subfield code="b">&lt;Dec. 1, 1905&gt;-</subfield></datafield><datafield ind1="1" ind2=" " tag="362"><subfield code="a">Began in 1905.</subfield></datafield><datafield ind1=" " ind2=" " tag="588"><subfield code="a">Description based on: Vol. 1, no. 6 (Dec. 1, 1905).</subfield></datafield><datafield ind1=" " ind2=" " tag="752"><subfield code="a">United States</subfield><subfield code="b">Texas</subfield><subfield code="c">Parker</subfield><subfield code="d">Weatherford.</subfield></datafield><datafield ind1="0" ind2="0" tag="780"><subfield code="t">Weatherford Democrat</subfield><subfield code="w">(OCoLC)14627450</subfield></datafield><datafield ind1="0" ind2="0" tag="785"><subfield code="t">Plain Texan and Weatherford Democrat</subfield><subfield code="w">(OCoLC)14954333</subfield></datafield></record>